<record><leader>00000cas a2200000 a 4500</leader><controlfield tag="001">12169746</controlfield><controlfield tag="008">850618d1872187uksuwr ne      0    0eng d</controlfield><datafield ind1=" " ind2=" " tag="010"><subfield code="a">sn 85030523 </subfield></datafield><datafield ind1=" " ind2=" " tag="040"><subfield code="a">KSH</subfield><subfield code="b">eng</subfield><subfield code="c">KSH</subfield><subfield code="d">NPT</subfield><subfield code="d">NPX</subfield><subfield code="d">OCL</subfield><subfield code="d">OCLCQ</subfield></datafield><datafield ind1=" " ind2=" " tag="042"><subfield code="a">msc</subfield></datafield><datafield ind1="0" ind2="0" tag="245"><subfield code="a">New Chicago times.</subfield></datafield><datafield ind1=" " ind2=" " tag="260"><subfield code="a">New Chicago, Kan. :</subfield><subfield code="b">A.L. Rivers,</subfield><subfield code="c">1872-</subfield></datafield><datafield ind1=" " ind2=" " tag="300"><subfield code="a">v. ;</subfield><subfield code="c">61 cm.</subfield></datafield><datafield ind1=" " ind2=" " tag="310"><subfield code="a">Weekly</subfield></datafield><datafield ind1="0" ind2=" " tag="362"><subfield code="a">Vol. 1, no. 1 (Oct. 19, 1872)-</subfield></datafield><datafield ind1=" " ind2=" " tag="500"><subfield code="a">"Republican."</subfield></datafield><datafield ind1=" " ind2=" " tag="752"><subfield code="a">United States</subfield><subfield code="b">Kansas</subfield><subfield code="c">Neosho</subfield><subfield code="d">New Chicago.</subfield></datafield><datafield ind1="0" ind2="0" tag="785"><subfield code="t">Chanute times (Chanute, Kan. : 1873)</subfield><subfield code="w">(DLC)   84027605</subfield></datafield></record>